@misc
{jaccard,
	author = {Wikipédia},
	title = {Indice et distance de Jaccard},
	year = {2015},
	note = {\url{https://fr.wikipedia.org/wiki/Indice\_et\_distance\_de\_Jaccard}}
}

@misc
{OpenMP,
	author = {Vincent Reverdy},
	title = {Open MP},
	year = {2011},
	note = {\url{https://software.intel.com/fr-fr/articles/debuter-avec-openmp}}
}

@misc
{BFS,
	author = {Wikipédia},
	title = {Algorithme de parcours en largeur},
	year = {2014},
	note = {\url{http://fr.wikipedia.org/wiki/Algorithme\_de\_parcours\_en\_largeur}}
}

@misc
{dll1,
	author = {Seb13},
	title = {Créer des bibliothèques avec Code::Blocks},
	year = {2013},
	note = {http://openclassrooms.com/courses/creer-des-bibliotheques-avec-code-blocks}
}

@misc
{dll2,
	author = {Alex Blekhman},
	title = {HowTo: Export C++ classes from a DLL},
	year = {2012},
	note = {http://www.codeproject.com/Articles/28969/HowTo-Export-C-classes-from-a-DLL}
}

@misc
{dll3,
	author = {Hiko-Seijuro},
	title = {Exportation de classes C++ dans une bibliothèque dynamique sous Linux},
	year = {2007},
	note = {http://hiko-seijuro.developpez.com/articles/bibliotheque-dynamique}
}

@article
{structure,
	author = {Ivan Keller et Emmanuel Viennet},
	title = {Caractérisation de la structure communautaire d’un grand réseau social },
	note = {http://lipn.fr/marami12/actes/keller.pdf}
}

@article
{communautes,
	author = {Vincent D. Blondel, Jean-Loup Guillaume, Renaud Lambiotte et Etienne Lefebvre},
	title = {Fast unfolding of communities in large networks },
	year = {2008},
	note = {http://arxiv.org/pdf/0803.0476.pdf}
}
@article{alvarezhamelin:hal-00012974,
  TITLE = {{K-core decomposition of Internet graphs: hierarchies, self-similarity and measurement biases}},
  AUTHOR = {Alvarez-Hamelin, Jos{\'e} Ignacio and Dall'Asta, Luca and Barrat, Alain and Vespignani, Alessandro},
  URL = {https://hal.archives-ouvertes.fr/hal-00012974},
  JOURNAL = {{Networks and Heterogeneous Media}},
  PUBLISHER = {{AIMS}},
  VOLUME = {3},
  PAGES = {371},
  YEAR = {2008},
  MONTH = Apr,
  HAL_ID = {hal-00012974},
  HAL_VERSION = {v4},
}

@article
{NDAP1,
	author = {Nicolas Dugué, Vincent Labatut et Anthony Perez},
	title = {A Community Role Approach To Assess Social Capitalists Visibility in the Twitter Network},
	year = {2014},
	note = {Social Network Analysis and Mining}
}

@article
{NDAP2,
	author = {Nicolas Dugué et Anthony Perez},
	title = {Social capitalists on Twitter: detection, evolution and behavioral analysis},
	year = {2014},
	note = {http://link.springer.com/article/10.1007\%2Fs13278-014-0178-4}
}

@article
{GA,
	author = {Roger Guimerà et Luis A Nunes Amaral},
	title = {Cartography of complex networks: modules and universal roles },
	year = {2005},
	note = {http://www.nature.com/nature/journal/v433/n7028/abs/nature03288.html}
}


